
% GEOMETRY

@ARTICLE{sauer_thiel_cc3_benchmark_jcp_2008,
  author = {Schreiber, M. and Silva-Junior, M. R. and Sauer, S. P. A. and Thiel, W.},
  journal = {{J}. {C}hem. {P}hys.},
  title = {{Benchmarks for Electronically Excited States: CASPT2, CC2, CCSD, and CC3}},
  year = {2008},
  volume = {128},
  pages = {134110},
}

% MBE-FCI

@ARTICLE{eriksen_mbe_fci_jpcl_2017,
  author = {Eriksen, J. J. and Lipparini, F. and Gauss, J.},
  title = {{Virtual Orbital Many-Body Expansions: A Possible Route towards the Full Configuration Interaction Limit}},
  journal = {{J}. {P}hys. {C}hem. {L}ett.},
  year = {2017},
  volume = {8},
  pages = {4633},
}

@ARTICLE{eriksen_mbe_fci_weak_corr_jctc_2018,
  author = {Eriksen, J. J. and Gauss, J.},
  title = {{Many-Body Expanded Full Configuration Interaction. I. Weakly Correlated Regime}},
  journal = {{J}. {C}hem. {T}heory {C}omput.},
  year = {2018},
  volume = {14},
  pages = {5180},
}

@ARTICLE{eriksen_mbe_fci_strong_corr_jctc_2019,
  author = {Eriksen, J. J. and Gauss, J.},
  title = {{Many-Body Expanded Full Configuration Interaction. II. Strongly Correlated Regime}},
  journal = {{J}. {C}hem. {T}heory {C}omput.},
  year = {2019},
  volume = {15},
  pages = {4873},
}

@ARTICLE{eriksen_mbe_fci_general_jpcl_2019,
  author = {Eriksen, J. J. and Gauss, J.},
  title = {{Generalized Many-Body Expanded Full Configuration Interaction Theory}},
  journal = {{J}. {P}hys. {C}hem. {L}ett.},
  year = {2019},
  volume = {10},
  pages = {7910},
}

@MANUAL{pymbe,
  note = {{\texttt{PyMBE}}: A Many-Body Expanded Correlation Code by Janus Juul Eriksen, See~{\url{https://gitlab.com/januseriksen/pymbe}}},
}

@ARTICLE{pipek_mezey_jcp_1989,
  author = {Pipek, J. and Mezey, P. G.},
  journal = {{J}. {C}hem. {P}hys.},
  title = {{A Fast Intrinsic Localization Procedure Applicable for {\it{Ab Initio}} and Semiempirical Linear Combination of Atomic Orbital Wave Functions}},
  year = {1989},
  volume = {90},
  pages = {4916},
}

% DMRG

@ARTICLE{chan_dmrg_2011,
  author = {Chan, G. K.-L. and Sharma, S.},
  journal = {{A}nn. {R}ev. {P}hys. {C}hem.},
  title = {{The Density Matrix Renormalization Group in Quantum Chemistry}},
  year = {2011},
  volume = {62},
  pages = {465},
}

@ARTICLE{wouters_dmrg_2014,
  author = {Wouters, S. and Van Neck, D.},
  journal = {{E}ur. {P}hys. {J}. {D}},
  title = {{The Density Matrix Renormalization Group for {\it{Ab Initio}} Quantum Chemistry}},
  year = {2014},
  volume = {68},
  pages = {272},
}

@ARTICLE{knecht_dmrg_2016,
  author = {Knecht, S. and Hedeg{\aa}rd, E. D. and Keller, S. and Kovyrshin, A. and Ma, Y. and Muolo, A. and Stein, C. J. and Reiher, M.},
  journal = {{C}himia},
  title = {{New Approaches for {\it{Ab Initio}} Calculations of Molecules with Strong Electron Correlation}},
  year = {2016},
  volume = {70},
  pages = {244},
}

@ARTICLE{chan_head_gordon_dmrg_jcp_2002,
  author = {Chan, G. K.-L. and Head-Gordon, M.},
  journal = {{J}. {C}hem. {P}hys.},
  title = {{Highly Correlated Calculations with a Polynomial Cost Algorithm: A Study of the Density Matrix Renormalization Group}},
  year = {2002},
  volume = {116},
  pages = {4462},
}

@ARTICLE{chan_dmrg_jcp_2004,
  author = {Chan, G. K.-L.},
  journal = {{J}. {C}hem. {P}hys.},
  title = {{An Algorithm for Large Scale Density Matrix Renormalization Group Calculations}},
  year = {2004},
  volume = {120},
  pages = {3172},
}

@ARTICLE{chan_polyacetylenes_jcp_2008,
  author = {Ghosh, D. and Hachmann, J. and Yanai, T. and Chan, G. K.-L.},
  journal = {J. Chem. Phys.},
  title = {{Orbital Optimization in the Density Matrix Renormalization Group, with Applications to Polyenes and $\beta$-Carotene}},
  year = {2008},
  volume = {128},
  pages = {144117},
}

@ARTICLE{sharma_chan_dmrg_2012,
  author = {Sharma, S. and Chan, G. K.-L.},
  journal = {{J}. {C}hem. {P}hys.},
  title = {{Spin-Adapted Density Matrix Renormalization Group Algorithms for Quantum Chemistry}},
  year = {2012},
  volume = {136},
  pages = {124121},
}

@ARTICLE{chan_dmrg_2015,
  author = {Olivares-Amaya, R. and Hu, W. and Nakatani, N. and Sharma, S. and Yang, J. and Chan, G. K.-L.},
  journal = {{J}. {C}hem. {P}hys.},
  title = {{The {\it{Ab-Initio}} Density Matrix Renormalization Group in Practice}},
  year = {2015},
  volume = {142},
  pages = {034102},
}

@MANUAL{pyscf_prog,
  note = {{\texttt{PySCF}}: The Python-Based Simulations of Chemistry Framework, See~{\url{https://pyscf.github.io/}}},
}

@ARTICLE{pyscf_wires_2018,
  author = {Sun, Q. and Berkelbach, T. C. and Blunt, N. S. and Booth, G. H. and Guo, S. and Li, Z. and Liu, J. and McClain, J. and Sayfutyarova, E. R. and Sharma, S. and Wouters, S. and Chan, G. K.-L.},
  title = {{PySCF: The Python-Based Simulations of Chemistry Framework}},
  journal = {{W}IREs {C}omput. {M}ol. {S}ci.},
  year = {2018},
  volume = {8},
  pages = {e1340},
}

@article{pyscf_jcp_2020,
  title={{Recent Developments in the PySCF Program Package}},
  author={Sun, Q. and Zhang, X. and Banerjee, S. and Bao, P. and Barbry, M. and Blunt, N. S. and Bogdanov, N. A. and Booth, G. H. and Chen, J. and Cui, Z.-H. and Eriksen, J. J. and Gao, Y. and Guo, S. and Hermann, J. and Hermes, M. R. and Koh, K. and Koval, P. and Lehtola, S. and Li, Z. and Liu, J. and Mardirossian, N. and McClain, J. D. and Motta, M. and Mussard, B. and Pham, H. Q. and Pulkin, A. and Purwanto, W. and Robinson, P. J. and Ronca, E. and Sayfutyarova, E. and Scheurer, M. and Schurkus, H. F. and Smith, J. E. T. and Sun, C. and Sun, S.-N. and Upadhyay, S. and Wagner, L. K. and Wang, X. and White, A. and Whitfield, J. D. and Williamson, M. J. and Wouters, S. and Yang, J. and Yu, J. M. and Zhu, T. and Berkelbach, T. C. and Sharma, S. and Sokolov, A. and Chan, G. K.-L.},
  journal = {J. Chem. Phys.},
  year = {2020},
  volume = {153},
  pages = {024109},
}

@ARTICLE{edmiston_ruedenberg_rev_mod_phys_1963,
  author = {Edmiston, C. and Ruedenberg, K.},
  journal = {{R}ev. {M}od. {P}hys.},
  title = {{Localized Atomic and Molecular Orbitals}},
  year = {1963},
  volume = {35},
  pages = {457},
}

% AS-FCIQMC

@ARTICLE{ghanem_alavi_fciqmc_jcp_2019,
  author = {Ghanem, K. and Lozovoi, A. Y. and Alavi, A.},
  journal = {{J}. {C}hem. {P}hys.},
  title = {{Unbiasing the Initiator Approximation in Full Configuration Interaction Quantum Monte Carlo}},
  year = {2019},
  volume = {151},
  pages = {224108},
}

@MANUAL{neci,
  note = {H. Booth, A. Alavi {\textit{et al.}}, Standalone {\texttt{NECI}} Codebase Designed for FCIQMC and other Stochastic Quantum Chemistry Methods, 2013, See~{\url{https://github.com/ghb24/NECI_STABLE}}},
}

@ARTICLE{neci_jcp_2020,
  author = {Guther, K. and Anderson, R. J. and Blunt, N. S. and Bogdanov, N. A. and Cleland, D. and Dattani, N. and Dobrautz, W. and Ghanem, K. and Jeszenszki, P. and Liebermann, N. and Manni, G. L. and Lozovoi, A. Y. and Luo, H. and Ma, D. and Merz, F. and Overy, C. and Rampp, M. and Samanta, P. K. and Schwarz, L. R. and Shepherd, J. J. and Smart, S. D. and Vitale, E. and Weser, O. and Booth, G. H. and Alavi, A.},
  journal = {{J}. {C}hem. {P}hys.},
  title = {{{\texttt{NECI}}: $N$-Electron Configuration Interaction with an Emphasis on State-of-the-Art Stochastic Methods}},
  year = {2020},
  volume = {153},
  pages = {034107},
}

% CAD-FCIQMC

@ARTICLE{piecuch_monte_carlo_cc_prl_2017,
  author = {Deustua, J. E. and Shen, J. and Piecuch, P.},
  journal = {Phys. Rev. Lett.},
  title = {Converging High-Level Coupled-Cluster Energetics by Monte Carlo Sampling and Moment Expansions},
  year = {2017},
  volume = {119},
  pages = {223003}
}

@ARTICLE{piecuch_monte_carlo_cc_jcp_2018,
  author = {Deustua, J. E. and Magoulas, I. and Shen, J. and Piecuch, P.},
  journal = {J. Chem. Phys.},
  title = {Communication: Approaching Exact Quantum Chemistry by Cluster Analysis of Full Configuration Interaction Quantum Monte Carlo Wave Functions},
  year = {2018},
  volume = {149},
  pages = {151101}
}

@ARTICLE{piecuch_monte_carlo_eom_cc_jcp_2019,
  author = {Deustua, J. E. and Yuwono, S. H. and Shen, J. and Piecuch, P.},
  journal = {J. Chem. Phys.},
  title = {Accurate Excited-State Energetics by a Combination of Monte Carlo Sampling and Equation-of-Motion Coupled-Cluster Computations},
  year = {2019},
  volume = {150},
  pages = {111101}
}

@ARTICLE{piecuch_monte_carlo_eom_cc_mp_2020,
  author = {Yuwono, S. H. and Chakraborty, A. and Deustua, J. E. and Shen, J. and Piecuch, P.},
  journal = {Mol. Phys.,},
  title = {Accelerating Convergence of Equation-of-Motion Coupled-Cluster Computations Using the Semi-Stochastic CC($P$;$Q$) Formalism},
  note = {published online: 17 Sep 2020, DOI: 10.1080/00268976.2020.1817592},
  pages = {e1817592},
  year  = {2020},
}

@article{piecuch_Booth2009,
  author = {Booth, George H. and Thom, Alex J. W. and Alavi, Ali},
  journal = {J. Chem. Phys.},
  title = {{Fermion Monte Carlo without Fixed Nodes: A Game of Life, Death, and Annihilation in Slater Determinant Space}},
  volume = {131},
  pages = {054106},
  year = {2009}
}

@article{piecuch_Cleland2010,
  author = {Cleland, Deidre and Booth, George H. and Alavi, Ali},
  journal = {J. Chem. Phys.},
  title = {Communications: Survival of the Fittest: Accelerating Convergence in Full Configuration-Interaction Quantum Monte Carlo},
  volume = {132},
  pages = {041103},
  year = {2010}
}

@article{piecuch_Thom2010,
  author = {Thom, Alex J. W.},
  journal = {Phys. Rev. Lett.},
  title = {Stochastic Coupled Cluster Theory},
  volume = {105},
  pages = {263004},
  year = {2010}
}

@article{piecuch_Franklin2016,
  author = {Franklin, R. S. T. and Spencer, J. S. and Zoccante, A. and Thom, A. J. W.},
  journal = {J. Chem. Phys.},
  title = {Linked Coupled Cluster Monte Carlo},
  volume = {144},
  pages = {044111},
  year = {2016}
}

@article{piecuch_extcc_1,
  author = {J. Paldus and J. {\v C}{\'\i}{\v z}ek and M. Takahashi},
  title = {Approximate Account of the Connected Quadruply Excited Clusters in the Coupled-Pair Many-Electron Theory},
  journal = {Phys. Rev. A},
  year = {1984},
  volume = {30},
  pages = {2193--2209}
}

@article{piecuch_extcc_2,
  author = {P. Piecuch and J. Paldus},
  title = {Coupled Cluster Approaches with an Approximate Account of Triexcitations and the Optimized Inner Projection Technique},
  journal = {Theor. Chim. Acta},
  year = {1990},
  volume = {78},
  pages = {65--128}
}

@article{piecuch_extcc_3,
  author = {P. Piecuch and R. Tobo{\l}a and J. Paldus},
  title = {Approximate Account of Connected Quadruply Excited Clusters in Single-Reference Coupled-Cluster Theory via Cluster Analysis of the Projected Unrestricted Hartree-Fock Wave Function},
  journal = {Phys. Rev. A},
  year = {1996},
  volume = {54},
  pages = {1210--1241}
}

@article{piecuch_extcc_4,
  author = {J. Paldus and J. Planelles},
  title = {Valence Bond Corrected Single Reference Coupled Cluster Approach. I. General Formalism},
  journal = {Theor. Chim. Acta},
  year = {1994},
  volume = {89},
  pages = {13--31}
}

@article{piecuch_extcc_5,
  author = {L. Z. Stolarczyk},
  title = {Complete Active Space Coupled-Cluster Method. Extension of Single-Reference Coupled-Cluster Method Using the CASSCF Wavefunction},
  journal = {Chem. Phys. Lett.},
  year = {1994},
  volume = {217},
  pages = {1--6}
}

@article{piecuch_extcc_6,
  author = {Peris, G. and Planelles, J. and Paldus, J.},
  title = {Single-Reference CCSD Approach Employing Three- and Four-Body CAS SCF Corrections: A Preliminary Study of a Simple Model},
  journal = {Int. J. Quantum Chem.},
  year = {1997},
  volume = {62},
  pages = {137--151}
}

@article{piecuch_extcc_7,
  author = {Peris, G. and Planelles, J. and Malrieu, J.-P. and Paldus, J.},
  title = {Perturbatively Selected CI as an Optimal Source for Externally Corrected CCSD},
  journal = {J. Chem. Phys.},
  volume = {110},
  pages = {11708-11716},
  year = {1999}
}

@article{piecuch_extcc_8,
  author = {Li, X. and Paldus, J.},
  title = {Reduced Multireference CCSD Method: An Effective Approach to Quasidegenerate States},
  journal = {J. Chem. Phys.},
  volume = {107},
  pages = {6257-6269},
  year = {1997}
}

@article{piecuch_extcc_9,
  author = {Li, X. and Paldus, J.},
  title = {Reduced Multireference Coupled Cluster Method with Singles and Doubles: Perturbative Corrections for Triples},
  journal = {J. Chem. Phys.},
  volume = {124},
  pages = {174101},
  year = {2006}
}

@article{piecuch_ccsd,
  author  = {{Purvis, III}, G. D. and R. J. Bartlett},
  title   = {A Full Coupled-Cluster Singles and Doubles Model: The Inclusion of Disconnected Triples},
  year    = {1982},
  journal = {J. Chem. Phys.},
  volume  = {76},
  pages   = {1910--1918}
}

@article{piecuch_acp_1991,
  author  = {P. Piecuch and J. Paldus},
  title   = {On the Solution of Coupled-Cluster Equations in the Fully Correlated Limit of Cyclic Polyene Model},
  year    = {1991},
  journal = {Int. J. Quantum Chem.},
  volume = {40},
  number = {S25},
  pages = {9-34}
}

@article{piecuch_dcd_2013,
  author = {D. Kats and F. R. Manby},
  title = {Communication: The Distinguishable Cluster Approximation},
  journal = {J. Chem. Phys.},
  volume = {139},
  pages = {021102},
  year = {2013}
}

@article{piecuch_cad-fciqmc-unpublished,
  author = {I. Magoulas and J. E. Deustua and J. Shen and P. Piecuch},
  title = {Converging Exact Energetics in Strongly Correlated Systems by Cluster Analysis of Full Configuration Interaction Quantum Monte Carlo Wave Functions},
  note = {In preparation}
}

% SHCI

@ARTICLE{li_sharma_umrigar_heat_bath_ci_jcp_2018,
  author = {Li, J. and Otten, M. and Holmes, A. A. and Sharma, S. and Umrigar, C. J.},
  journal = {{J}. {C}hem. {P}hys.},
  title = {{Fast Semistochastic Heat-Bath Configuration Interaction}},
  year = {2018},
  volume = {149},
  pages = {214110},
}

@article{sharma_umrigar_heat_bath_ci_prr_2020,
Author = {Li, J. and Yao, Y. and Holmes, A. and Otten, M. and Sharma, S. and Umrigar, C. J.},
title = {Accurate Many-Body Electronic Structure Near the Basis Set Limit: Application to the Chromium Dimer},
Journal = {Phys. Rev. Res.},
Volume = {2},
Pages = {012015(R)},
Year = {2020}
}

@article{toulouse_umrigar_heat_bath_ci_arxiv_2020,
author = {Yao, Y. and Giner, E. and Li, J. and Toulouse, J. and Umrigar, C. J.},
title = {{Almost Exact Energies for the Gaussian-2 Set with the Semistochastic Heat-Bath Configuration Interaction Method}},
Journal = {arXiv:arXiv:2004.10059},
Pages = {\textbf{2020}}
}

@MANUAL{arrow,
  note = {{\texttt{Arrow}}, a Semistochastic Heat-Bath Configuration Interaction (SHCI) Program, See~{\url{https://github.com/QMC-Cornell/shci}}},
}

% ASCI

@ARTICLE{tubman_whaley_selected_ci_jctc_2020,
  author = {Tubman, N. M. and Freeman, C. D. and Levine, D. S. and Hait, D. and Head-Gordon, M. and Whaley, K. B.},
  journal = {{J}. {C}hem. {T}heory {C}omput.},
  title = {{Modern Approaches to Exact Diagonalization and Selected Configuration Interaction with the Adaptive Sampling CI Method}},
  year = {2020},
  volume = {16},
  pages = {2139},
}

@ARTICLE{tubman_whaley_selected_ci_pt_arxiv_2018,
  author = {Tubman, N. M. and Levine, D. S. and Hait, D. and Head-Gordon, M. and Whaley, K. B.},
  title = {{An Efficient Deterministic Perturbation Theory for Selected Configuration Interaction Methods}},
  journal = {arXiv:1808.02049},
  Pages = {\textbf{2018}}
}

@article{shao2015advances,
	title={{Advances in Molecular Quantum Chemistry Contained in the Q-Chem 4 Program Package}},
	author={Shao, Y. and Gan, Z. and Epifanovsky, E. and Gilbert, A. T. B. and Wormit, M. and Kussmann, J. and Lange, A. W. and Behn, A. and Deng, J. and Feng, X. and others},
	journal={Mol. Phys.},
	volume={113},
	pages={184},
	year={2015},
}

@article{hait2019levels,
	title={{What Levels of Coupled Cluster Theory Are Appropriate for Transition Metal Systems? A Study Using Near-Exact Quantum Chemical Values for 3d Transition Metal Binary Compounds}},
	author={Hait, D. and Tubman, N. M. and Levine, D. S. and Whaley, K. B. and Head-Gordon, M.},
	journal={J. Chem. Theory Comput.},
	volume={15},
	pages={5370},
	year={2019},
}

@article{levine2020casscf,
	title={CASSCF with Extremely Large Active Spaces using the Adaptive Sampling Configuration Interaction Method},
	author={Levine, D. S. and Hait, D. and Tubman, N. M. and Lehtola, S. and Whaley, K. B. and Head-Gordon, M.},
	journal={J. Chem. Theory Comput.},
	volume={16},
	pages={2340},
	year={2020},
}

@article{sano2000elementary,
	title={Elementary Jacobi Rotation Method for Generalized Valence Bond Perfect-Pairing Calculations Combined with Simple Procedure for Generating Reliable Initial Orbitals},
	author={Sano, T.},
	journal={J. Mol. Struct.: THEOCHEM},
	volume={528},
	pages={177},
	year={2000},
}

% iCI

@ARTICLE{liu_hoffmann_sds_tca_2014,
  author = {Liu, W. and Hoffmann, M. R.},
  title = {{SDS: The `Static-Dynamic-Static' Framework for Strongly Correlated Electrons}},
  journal = {Theor. Chem. Acc.},
  year = {2014},
  volume = {133},
  pages = {1481},
}

@ARTICLE{liu_hoffmann_ici_jctc_2016,
  author = {Liu, W. and Hoffmann, M. R.},
  title = {{iCI: Iterative CI toward full CI}},
  journal = {{J}. {C}hem. {T}heory {C}omput.},
  year = {2016},
  volume = {12},
  pages = {1169},
}

@ARTICLE{liu_hoffmann_sdspt2_mp_2017,
  author = {Lei, Y. and Liu, W. and Hoffmann, M. R.},
  title = {{Further Development of SDSPT2 for Strongly Correlated Electrons}},
  journal = {Mol. Phys.},
  year = {2017},
  volume = {115},
  pages = {2696},
}

@ARTICLE{liu_hoffmann_ici_jctc_2020,
  author = {Zhang, N. and Liu, W. and Hoffmann, M. R.},
  title = {{Iterative Configuration Interaction with Selection}},
  journal = {{J}. {C}hem. {T}heory {C}omput.},
  year = {2020},
  volume = {16},
  pages = {2296},
}

@ARTICLE{iVIa,
  title={iVI: An Iterative Vector Interaction Method for Large Eigenvalue Problems},
  author={Huang, C. and Liu, W. and Xiao, Y. and Hoffmann, M. R.},
  journal={J. Comput. Chem.},
  volume={38},
  pages={2481},
  year={2017},
}

@ARTICLE{iVIb,
  title={iVI-TD-DFT: An Iterative Vector Interaction Method for Exterior/Interior Roots of TD-DFT},
  author={Huang, C. and Liu, W.},
  journal={J. Comput. Chem.},
  volume={40},
  pages={1023},
  year={2019},
}

@ARTICLE{bdf_prog_tca_1997,
  author = {Liu, W. and Hong, G. and Dai, D. and Li, L. and Dolg, M.},
  title = {{The Beijing Four-Component Density Functional Program Package (BDF) and its Application to EuO, EuS, YbO and YbS}},
  journal = {Theor. Chem. Acc.},
  year = {1997},
  volume = {96},
  pages = {75},
}

@ARTICLE{bdf_prog_jcp_2020,
  author = {Zhang, Y. and Suo, B. and Wang, Z. and Zhang, N. and Li, Z. and Lei, Y. and Zou, W. and Gao, J. and Peng, D. and Pu, Z. and Xiao, Y. and Sun, Q. and Wang, F. and
  Ma, Y. and Wang, X. and Guo, Y and Liu, W.},
  title = {{BDF: A Relativistic Electronic Structure Program Package}},
  journal = {J. Chem. Phys.},
  year = {2020},
  volume = {152},
  pages = {064113},
}

% FCCR

@ARTICLE{ten_no_fcc_prl_2018,
  author = {Xu, E. and Uejima, M. and Ten-no, S. L.},
  journal = {Phys. Rev. Lett.},
  title = {{Full Coupled-Cluster Reduction for Accurate Description of Strong Electron Correlation}},
  year = {2018},
  volume = {121},
  pages = {113001},
}

@MANUAL{ten_no_fccr_2020,
  note = {Xu, E.; Ten-no, S. L. {\textit{In Preparation}} (2020).},
}

@MANUAL{gellan,
  note = {{\texttt{GELLAN}}, a Hierarchical Massively-Parallel Quantum Chemistry Program, Kobe University.},
}

% CCSDTQ [LAST PAGES FIXED BY PIECUCH]

@ARTICLE{ccsdtq_paper_1_jcp_1991,
  author = {Oliphant, N. and Adamowicz, L.},
  journal = {{J}. {C}hem. {P}hys.},
  title = {{Coupled-Cluster Method Truncated at Quadruples}},
  year = {1991},
  volume = {95},
  pages = {6645--6651},
}

@ARTICLE{ccsdtq_paper_2_jcp_1992,
  author = {Kucharski, S. A. and Bartlett, R. J.},
  journal = {{J}. {C}hem. {P}hys.},
  title = {{The Coupled-Cluster Single, Double, Triple, and Quadruple Excitation Method}},
  year = {1992},
  volume = {97},
  pages = {4282--4288},
}

@ARTICLE{matthews_stanton_ccsdtq_jcp_2015,
  author = {Matthews, D. A. and Stanton, J. F.},
  journal = {{J}. {C}hem. {P}hys.},
  title = {{Accelerating the Convergence of Higher-Order Coupled Cluster Methods}},
  year = {2015},
  volume = {143},
  pages = {204103},
}

@ARTICLE{ncc,
  author = {Matthews, D. A. and Stanton, J. F.},
  journal = {{J}. {C}hem. {P}hys.},
  title = {{Non-Orthogonal Spin-Adaptation of Coupled Cluster Methods: A New Implementation of Methods Including Quadruple Excitations}},
  year = {2015},
  pages = {064108}
}

@MANUAL{cfour,
  note = {{\texttt{CFOUR}}, Coupled-Cluster Techniques for Computational Chemistry, a Quantum-Chemical Program Package by
J. F. Stanton, J. Gauss, L. Cheng, M. E. Harding, D. A. Matthews, P. G. Szalay
with Contributions from A. A. Auer, R. J. Bartlett, U. Benedikt, C. Berger, D. E. Bernholdt, Y. J. Bomble, O. Christiansen, F. Engel, R. Faber, M. Heckert, O. Heun, M. Hilgenberg, C. Huber, T.-C. Jagau, D. Jonsson, J. Jus{\'e}lius, T. Kirsch, K. Klein, W. J. Lauderdale, F. Lipparini, T. Metzroth, L. A. M{\"u}ck, D. P. O'Neill, D. R. Price, E. Prochnow, C. Puzzarini, K. Ruud, F. Schiffmann, W. Schwalbach, C. Simmons, S. Stopkowicz, A. Tajti, J. V{\'a}zquez, F. Wang, J. D. Watts and the integral packages $\texttt{MOLECULE}$ (J. Alml{\"o}f and P. R. Taylor), $\texttt{PROPS}$ (P. R. Taylor), $\texttt{ABACUS}$ (T. Helgaker, H. J. {\relax Aa}. Jensen, P. J{\o}rgensen, and J. Olsen), and ECP routines by A. V. Mitin and C. van W{\"u}llen. For the Current Version, see~{\url{http://www.cfour.de}}},
}

@article{cfour_paper,
author = {Matthews, D. A. and Cheng, L. and Harding, M. E. and Lipparini, F. and Stopkowicz, S. and Jagau, T.-C. and Szalay, P. G. and Gauss, J. and Stanton, J. F.},
title = {{Coupled-Cluster Techniques for Computational Chemistry: The CFOUR Program Package}},
journal = {J. Chem. Phys.},
volume = {152},
pages = {214108},
year = {2020},
}

% CLUSTER DECOMPOSITION

@ARTICLE{lehtola_head_gordon_fci_decomp_jcp_2017,
  author = {Lehtola, S. and Tubman, N. M. and Whaley, K. B. and Head-Gordon, M.},
  journal = {{J}. {C}hem. {P}hys.},
  title = {{Cluster Decomposition of Full Configuration Interaction Wave Functions: A Tool for Chemical Interpretation of Systems with Strong Correlation}},
  year = {2017},
  volume = {147},
  pages = {154105},
}

